@book{NLDStrogatz,
  title={Nonlinear Dynamics and Chaos, 2nd ed. SET with Student Solutions Manual},
  author={Strogatz, S.H. and Dichter, M.},
  isbn={9780813350844},
  series={Studies in Nonlinearity},
  url={https://books.google.co.in/books?id=vUWhDAEACAAJ},
  year={2016},
  publisher={Avalon Publishing}
}

@misc{ChaosVeritasium,
    author = {Veritasium},
    title = {Chaos: The Science of the Butterfly Effect},
    journal = {Youtube},
    type = {Youtube Video},
    year = {2019},
    howpublished = {\url{https://www.youtube.com/watch?v=fDek6cYijxI&ab_channel=Veritasium}}
}

@misc{youtubeComment2018,
    author = {Numberphile},
    title = {What's so special about the Mandelbrot Set? - Numberphile},
    journal = {Youtube},
    type = {Youtube Video},
    year = {2019},
    howpublished = {\url{https://www.youtube.com/watch?v=FFftmWSzgmk&ab_channel=Numberphile}}
}

@misc{wiki:Lorenz_system,
   author = "Wikipedia",
   title = "{Lorenz system} --- {W}ikipedia{,} The Free Encyclopedia",
   year = "2021",
   howpublished = {\url{http://en.wikipedia.org/w/index.php?title=Lorenz\%20system&oldid=1032444499}},
   note = "[Online; accessed 09-July-2021]"
}